
@article{survey,
 author = {Nasrollahi, K. Moeslund, T},
 title = {Super-resolution: a comprehensive survey},
 year = 2014,
 journal = {Machine Vision and Applications Volume 25}
}

@article{guizar,
  author = {Guizar-Sicairos, M. Thurman, S. T. Fienup, J. R.},
  title = {Efficient subpixel image registration algorithms},
  year = 2008,
  journal = {Optics Letters Volume 33}
}

@ARTICLE{ssim,
  author={ {Zhou Wang} and A. C. {Bovik} and H. R. {Sheikh} and E. P. {Simoncelli}},
  journal={IEEE Transactions on Image Processing},
  title={Image quality assessment: from error visibility to structural similarity},
  year={2004},
  volume={13},
  number={4},
  pages={600-612},
  doi={10.1109/TIP.2003.819861},
  ISSN={1941-0042},
  month={April},
}


@incollection{cheeseman1996super,
  title={Super-resolved surface reconstruction from multiple images},
  author={Cheeseman, Peter and Kanefsky, Bob and Kraft, Richard and Stutz, John and Hanson, Robin},
  booktitle={Maximum entropy and bayesian methods},
  pages={293--308},
  year={1996},
  publisher={Springer}
}

@article{schultz1996extraction,
  title={Extraction of high-resolution frames from video sequences},
  author={Schultz, Richard R and Stevenson, Robert L},
  journal={IEEE transactions on image processing},
  volume={5},
  number={6},
  pages={996--1011},
  year={1996},
  publisher={IEEE}
}

@article{hardie1997joint,
  title={Joint MAP registration and high-resolution image estimation using a sequence of undersampled images},
  author={Hardie, Russell C and Barnard, Kenneth J and Armstrong, Ernest E},
  journal={IEEE transactions on Image Processing},
  volume={6},
  number={12},
  pages={1621--1633},
  year={1997},
  publisher={IEEE}
}